<?xml version="1.0" encoding="UTF-8"?>
<record xmlns="http://www.loc.gov/MARC21/slim" xmlns:xsi="http://www.w3.org/2001/XMLSchema-instance" xsi:schemaLocation="http://www.loc.gov/MARC21/slim http://www.loc.gov/standards/marcxml/schema/MARC21slim.xsd">
<leader>00000cam a22      a 4500</leader>
<controlfield tag="001">001567444</controlfield>
<controlfield tag="003">NNU</controlfield>
<controlfield tag="005">20150708165129.0</controlfield>
<controlfield tag="008">811217s1968    iq c          000 0carar</controlfield>
<datafield tag="010" ind1=" " ind2=" ">
<subfield code="a">   77251781</subfield>
</datafield>
<datafield tag="035" ind1=" " ind2=" ">
<subfield code="a">(OCoLC)8006162</subfield>
</datafield>
<datafield tag="040" ind1=" " ind2=" ">
<subfield code="a">DLC</subfield>
<subfield code="b">eng</subfield>
<subfield code="c">TKN</subfield>
<subfield code="d">TKN</subfield>
<subfield code="d">OCL</subfield>
<subfield code="d">OCLCQ</subfield>
<subfield code="d">LGG</subfield>
<subfield code="d">ORZ</subfield>
<subfield code="d">CLU</subfield>
<subfield code="d">OCLCA</subfield>
<subfield code="d">OCLCQ</subfield>
<subfield code="d">OCLCF</subfield>
<subfield code="d">OCLCO</subfield>
<subfield code="d">NNU</subfield>
</datafield>
<datafield tag="050" ind1=" " ind2="4">
<subfield code="a">BP192.8</subfield>
<subfield code="b">.K37 1968</subfield>
</datafield>
<datafield tag="050" ind1=" " ind2="4">
<subfield code="a">BP192.8</subfield>
<subfield code="b">.K37 1968</subfield>
</datafield>
<datafield tag="100" ind1="1" ind2=" ">
<subfield code="6">880-01</subfield>
<subfield code="a">Kāẓimī, Muḥammad Mahdī,</subfield>
<subfield code="d">1901 or 1902-</subfield>
</datafield>
<datafield tag="245" ind1="1" ind2="0">
<subfield code="6">880-02</subfield>
<subfield code="a">Aḥsan al-wadīʻah fī tarājim mashāhīr mujtahidī al-Shīʻah :</subfield>
<subfield code="b">Kitāb yabḥathu ʻan āthārihim wa-maʼāthirihim wa- yabḥathu ʻan marākiz al-ʻilm lil-Shīʻah, aw tatmīm rawḍāt al-jannāt, muzawwadāna bi-rusūm man ʻatharnā ʻalá rasmih /</subfield>
<subfield code="c">taʼlīf Muḥammad Mahdī al-Mūsawī al-Iṣfahānī al-Kāẓimī.</subfield>
</datafield>
<datafield tag="250" ind1=" " ind2=" ">
<subfield code="6">880-03</subfield>
<subfield code="a">al-ṭabʻah 2.</subfield>
</datafield>
<datafield tag="260" ind1=" " ind2=" ">
<subfield code="6">880-04</subfield>
<subfield code="a">al-Najaf :</subfield>
<subfield code="b">al-Maṭbaʻah al-Ḥaydarīyah :</subfield>
<subfield code="b">Distributor in Irāq, al-Muthanna library,</subfield>
<subfield code="c">1968.</subfield>
</datafield>
<datafield tag="300" ind1=" " ind2=" ">
<subfield code="a">2 volumes in 1 (24, 370 pages) :</subfield>
<subfield code="b">portraits ;</subfield>
<subfield code="c">25 cm</subfield>
</datafield>
<datafield tag="336" ind1=" " ind2=" ">
<subfield code="a">text</subfield>
<subfield code="b">txt</subfield>
<subfield code="2">rdacontent</subfield>
</datafield>
<datafield tag="337" ind1=" " ind2=" ">
<subfield code="a">unmediated</subfield>
<subfield code="b">n</subfield>
<subfield code="2">rdamedia</subfield>
</datafield>
<datafield tag="338" ind1=" " ind2=" ">
<subfield code="a">volume</subfield>
<subfield code="b">nc</subfield>
<subfield code="2">rdacarrier</subfield>
</datafield>
<datafield tag="500" ind1=" " ind2=" ">
<subfield code="a">Cover title: Ahsan al-wadiah fee taragem mashahir mojtahedi al-Sheah, by Mohamed al-Mahdi al-Moosawi al-Kadhomi.</subfield>
</datafield>
<datafield tag="530" ind1=" " ind2=" ">
<subfield code="a">Also issued online.</subfield>
</datafield>
<datafield tag="650" ind1=" " ind2="0">
<subfield code="a">Shiites</subfield>
<subfield code="v">Biography.</subfield>
</datafield>
<datafield tag="650" ind1=" " ind2="7">
<subfield code="a">Shiites.</subfield>
<subfield code="2">fast</subfield>
<subfield code="0">(OCoLC)fst01115976</subfield>
</datafield>
<datafield tag="655" ind1=" " ind2="7">
<subfield code="a">Biography.</subfield>
<subfield code="2">fast</subfield>
<subfield code="0">(OCoLC)fst01423686</subfield>
</datafield>
<datafield tag="700" ind1="1" ind2=" ">
<subfield code="6">880-05</subfield>
<subfield code="a">Muḥammad Bāqir ibn Zayn al-ʻĀbidīn,</subfield>
<subfield code="d">1811 or 1812-1895 or 1896.</subfield>
<subfield code="t">Rawḍāt al-jannāt.</subfield>
</datafield>
<datafield tag="776" ind1="0" ind2="8">
<subfield code="i">Online version:</subfield>
<subfield code="a">al-Kāẓimī, Muḥammad Mahdī, 1901-</subfield>
<subfield code="t">Aḥsan al-wadīʻah fī tarājim mashāhīr mujtahidī al-Shīʻah.</subfield>
<subfield code="b">al-ṭabʻah 2.</subfield>
<subfield code="d">al-Najaf, al-Maṭbʻah al-Ḥaydarīyah, Distributor in Irāq, al-Muthannā library, 1968</subfield>
<subfield code="w">(OCoLC)644587416</subfield>
</datafield>
<datafield tag="880" ind1="1" ind2=" ">
<subfield code="6">100-01/</subfield>
<subfield code="a">كاظمي، محمد مهدي،</subfield>
<subfield code="d">1901 or 1902-</subfield>
</datafield>
<datafield tag="880" ind1="1" ind2="0">
<subfield code="6">245-02/</subfield>
<subfield code="a">احسن الوديعة في تراجم مشاهير مجتهدي الشيعة،</subfield>
<subfield code="b">كتاب يبحث عن آثارهم ومآثرهم و يبحث عن مراكز العلم للشيعة، او تتميم روضات الجنات، مزودا برسوم من عثرنا على رسمه</subfield>
<subfield code="c">تأليف محمد مهدي الموسوي الاصفهاني الكاظمي.</subfield>
</datafield>
<datafield tag="880" ind1=" " ind2=" ">
<subfield code="6">250-03/</subfield>
<subfield code="a">الطبعة 2.</subfield>
</datafield>
<datafield tag="880" ind1=" " ind2=" ">
<subfield code="6">260-04/</subfield>
<subfield code="a">النجف :</subfield>
<subfield code="b">المطبعة الحيدرية :</subfield>
<subfield code="b">Distributor in Irāq, al-Muthanna library,</subfield>
<subfield code="c">1968.</subfield>
</datafield>
<datafield tag="880" ind1="1" ind2=" ">
<subfield code="6">700-05/</subfield>
<subfield code="a">محمد باقر بن زين العابدين.</subfield>
<subfield code="t">روضات الجنات.</subfield>
</datafield>
<datafield tag="OWN" ind1=" " ind2=" ">
<subfield code="a">GENERAL</subfield>
</datafield>
<datafield tag="AVA" ind1=" " ind2=" ">
<subfield code="a">NYU50</subfield>
<subfield code="b">BOBST</subfield>
<subfield code="c">Main Collection</subfield>
<subfield code="d">BP192.8 .K37 1968</subfield>
<subfield code="e">unavailable</subfield>
<subfield code="t">Unavailable</subfield>
<subfield code="f">1</subfield>
<subfield code="g">1</subfield>
<subfield code="h">N</subfield>
<subfield code="i">2</subfield>
<subfield code="j">MAIN</subfield>
<subfield code="k">0</subfield>
</datafield>
</record>
